@article{nordborg1996effect,
  title={The effect of recombination on background selection},
  author={Nordborg, Magnus and Charlesworth, Brian and Charlesworth, Deborah},
  journal={Genetics Research},
  volume={67},
  number={2},
  pages={159--174},
  year={1996},
  publisher={Cambridge University Press}
}

@article{comeron2017background,
  title={Background selection as null hypothesis in population genomics: insights and challenges from Drosophila studies},
  author={Comeron, Josep M},
  journal={Phil. Trans. R. Soc. B},
  volume={372},
  number={1736},
  pages={20160471},
  year={2017},
  publisher={The Royal Society}
}

@article{torres2018human,
  title={Human demographic history has amplified the effects of background selection across the genome},
  author={Torres, Raul and Szpiech, Zachary A and Hernandez, Ryan D},
  journal={PLoS genetics},
  volume={14},
  number={6},
  pages={e1007387},
  year={2018},
  publisher={Public Library of Science}
}

@article{beissinger2016recent,
  title={Recent demography drives changes in linked selection across the maize genome},
  author={Beissinger, Timothy M and Wang, Li and Crosby, Kate and Durvasula, Arun and Hufford, Matthew B and Ross-Ibarra, Jeffrey},
  journal={Nature plants},
  volume={2},
  number={7},
  pages={16084},
  year={2016},
  publisher={Nature Publishing Group}
}
